@comment{x-kbibtex-personnameformatting=<%l><, %f>}

%MEUS PADRÕES DE REFERENCIAS
%
%Artigos => Ultimo_Nome_Primeiro_Autor:Ano(aa)
%Conferencias(Sem Proceedings)=> Ultimo_Nome_Primeiro_Autor:Conferenc_Ano(aa)
%Inproceedings => Ultimo_Nome_Primeiro_Autor:Conferenc_Ano(aa)
%Teses e Disserta\c{c}ões => Ultimo_Nome_Autor:Universidade_Ano(aa)
%Books => Ultimo_Nome_Primeiro_Autor:Ano(aa)
%OBS: Mesmo autor  e ano => Ultimo_Nome_Primeiro_Autor_a:Ano(aa)
%

@mastersthesis{mendes2007matematica,
  title={A matem{\'a}tica na natureza},
  author={Mendes, Fernanda Manuela Pinheiro},
  year={2007}
}

@article{ribeiro2007repensando,
  title={Repensando a tradi{\c{c}}{\~a}o: a variabilidade estil{\'\i}stica na arte rupestre do per{\'\i}odo intermedi{\'a}rio de representa{\c{c}}{\~o}es no alto-m{\'e}dio rio S{\~a}o Francisco},
  author={Ribeiro, Loredana},
  journal={Revista do Museu de Arqueologia e Etnologia},
  number={17},
  pages={127--147},
  year={2007}
}

@article{de2003tecnicas,
  title={T{\'e}cnicas de Aprendizado de M{\'a}quina para problemas de Biologia Molecular},
  author={de Souto, MCP and Lorena, AC and Delbem, ACB and de Carvalho, ACPLF},
  journal={Sociedade Brasileira de Computa{\c{c}}ao},
  year={2003}
}
